@online{jillian2023ready,
  author = {Jillian Starr},
  title = {3 Signs They Are Ready for Base Ten Blocks (or not!)},
  year = {2023},
  url = {https://jillianstarrteaching.com/ready-for-base-ten-blocks/},
  urldate = {2025-10-13}
}

@online{whiterose2024dienes,
  author = {{White Rose Education}},
  title = {What are Dienes and how to teach using them},
  year = {2024},
  url = {https://whiteroseeducation.com/latest-news/what-are-dienes-teach-using-them},
  urldate = {2025-10-13}
}

@online{hand2mind2024how,
  author = {{Hand2mind}},
  title = {How to Use Base Ten Blocks},
  year = {2024},
  url = {https://www.hand2mind.com/blog/how-to-use-base-ten-blocks},
  urldate = {2025-10-13}
}

@online{goodneighbors2024understanding,
  author = {{Good Neighbors Math}},
  title = {Understanding Place Value with Base Ten Blocks in the Primary Grades},
  year = {2024},
  url = {https://goodneighborsmath.com/understanding-place-value-with-base-ten-blocks-in-the-primary-grades/},
  urldate = {2025-10-13}
}

@online{anthony2024teaching,
  author = {Susan C. Anthony},
  title = {Teaching Math with Base 10 Blocks},
  year = {2024},
  url = {https://www.susancanthony.com/res/tchr/b10.html},
  urldate = {2025-10-13}
}

@online{thirdspace2024what,
  author = {{Third Space Learning}},
  title = {What Are Base Ten Blocks? Explained For Elementary Schools},
  year = {2024},
  url = {https://thirdspacelearning.com/us/blog/what-are-base-ten-blocks/},
  urldate = {2025-10-13}
}

@online{mathtransformations2024close,
  author = {{Math Transformations}},
  title = {Close to Fifty! Developing Base Ten Concepts and Place Value with First Graders},
  year = {2024},
  url = {https://mathtransformations.com/close-to-fifty-developing-base-ten-concepts-and-place-value-with-first-graders/},
  urldate = {2025-10-13}
}

@online{happynumbers2024teacher,
  author = {{Happy Numbers}},
  title = {Teacher's Best Friend: Base-10 Blocks},
  year = {2024},
  url = {https://happynumbers.com/blog/teachers-best-friend-base-10-blocks/},
  urldate = {2025-10-13}
}

@online{milwaukee2024standard,
  author = {{Milwaukee Public Schools}},
  title = {Standard - 1.NBT.2a},
  year = {2024},
  url = {https://mps.milwaukee.k12.wi.us/MPS-English/CAO/Documents/RtI-Academics/math-intervention-1NBT2a_ShowMe10.pdf},
  urldate = {2025-10-13}
}

@online{gray2024three,
  author = {Shelley Gray},
  title = {Three Base Ten Activities to Introduce Place Value},
  year = {2024},
  url = {https://shelleygrayteaching.com/three-base-ten-activities-to-introduce-place-value/},
  urldate = {2025-10-13}
}

@online{mightyowl2024two,
  author = {{Mighty Owl}},
  title = {Two-digit subtraction with regrouping},
  year = {2024},
  url = {https://www.mightyowl.com/units/two-digit-subtraction-with-regrouping},
  urldate = {2025-10-13}
}

@online{saddleup2024free,
  author = {{Saddle Up for 2nd Grade}},
  title = {Free Addition with Regrouping Lesson Plan Using Base Ten Blocks},
  year = {2024},
  url = {https://saddleupfor2ndgrade.com/free-addition-with-regrouping-lesson-plan/},
  urldate = {2025-10-13}
}

@online{techieturtle2024three,
  author = {{Techie Turtle Teacher}},
  title = {3-Digit Addition with Regrouping Using Base Ten Blocks},
  year = {2024},
  url = {https://techieturtleteacher.com/adding-3-digit-numbers-with-regrouping/},
  urldate = {2025-10-13}
}

@online{ascd2024numbers,
  author = {{ASCD Professional Development Online}},
  title = {Numbers and Operations in Base 10 and Numbers and Operationsâ€“Fractions},
  year = {2024},
  url = {https://pdo.ascd.org/lmscourses/pd11oc129/media/ccss_math_k-5_m05_reading_nbt-fractionsii.pdf},
  urldate = {2025-10-13}
}

@online{artsintegration2024base,
  author = {{The Institute for Arts Integration}},
  title = {Base Ten Buildings STEAM Activity},
  year = {2024},
  url = {https://artsintegration.com/base-ten-buildings-steam-activity/},
  urldate = {2025-10-13}
}

@online{actilearnplay2024base,
  author = {{ActiLearn}},
  title = {Base Ten Blocks Activities: Fun Games for Place Value},
  year = {2024},
  url = {https://actilearnplay.com/base-ten-blocks-activities/},
  urldate = {2025-10-13}
}

@online{ies2024assisting,
  author = {{Institute of Education Sciences}},
  title = {Assisting Students Struggling with Mathematics-Elementary Intervention: Practice Guide Summary},
  year = {2024},
  url = {https://ies.ed.gov/ncee/wwc/Docs/PracticeGuide/WWC-PraxGuide-Elementary-Math-Summary-508c.pdf},
  urldate = {2025-10-13}
}

@online{thirdspacelearning2024four,
  author = {{Third Space Learning}},
  title = {The 4-Stage Process To Fixing Maths Misconceptions},
  year = {2024},
  url = {https://thirdspacelearning.com/blog/addressing-misconceptions-process/},
  urldate = {2025-10-13}
}

@online{apa2024misconceptions,
  author = {{American Psychological Association}},
  title = {How do I get my students over their alternative conceptions (misconceptions) for learning},
  year = {2024},
  url = {https://www.apa.org/education-career/k12/misconceptions},
  urldate = {2025-10-13}
}

@online{mrtrex2024common,
  author = {{Mr. T-Rex's 5th Grade Class Page}},
  title = {Common Misconceptions Intervention Strategies},
  year = {2024},
  url = {https://mr-trex.weebly.com/uploads/3/9/9/5/39956389/use_place_value_strategies_to_add_and_subtract_whole_numbers___grade_4_unit_3__table__3_.pdf},
  urldate = {2025-10-13}
}