@book{precalc2019,
  author    = {Padilla, Eric and Quesada, Cristian and Araya, Daniela},
  title     = {Precálculo Versión Preliminar},
  year      = {2019},
  publisher = {EUNED}
}


@book{conamat2009,
  author    = {CONAMAT},
  title     = {Álgebra},
  year      = {2009},
  publisher = {Pearson Hispanoamérica}
}