@book{spivak2008,
  author    = {Michael Spivak},
  title     = {The Calculus},
  year      = {2008},
  publisher = {Cambridge University Press}
}

@article{turing1950,
  author  = {Alan M. Turing},
  title   = {Computing Machinery and Intelligence},
  journal = {Mind},
  year    = {1950},
  volume  = {LIX},
  pages   = {433--460}
}
